<record><leader>00000cas a22000007a 4500</leader><controlfield tag="001">13363699</controlfield><controlfield tag="008">860331d1950195uinuwr ne      0    0eng d</controlfield><datafield ind1=" " ind2=" " tag="010"><subfield code="a">sn 86058412 </subfield></datafield><datafield ind1=" " ind2=" " tag="040"><subfield code="a">NPI</subfield><subfield code="b">eng</subfield><subfield code="c">NPI</subfield><subfield code="d">OCLCQ</subfield></datafield><datafield ind1=" " ind2=" " tag="042"><subfield code="a">msc</subfield></datafield><datafield ind1="0" ind2="4" tag="245"><subfield code="a">The Frankton sentinel.</subfield></datafield><datafield ind1=" " ind2=" " tag="260"><subfield code="a">Frankton, Ind. :</subfield><subfield code="b">Ernest A. Saulmon,</subfield><subfield code="c">1950-</subfield></datafield><datafield ind1=" " ind2=" " tag="300"><subfield code="a">v. :</subfield><subfield code="b">ill. ;</subfield><subfield code="c">45 cm.</subfield></datafield><datafield ind1=" " ind2=" " tag="310"><subfield code="a">Weekly</subfield></datafield><datafield ind1="0" ind2=" " tag="362"><subfield code="a">Vol. 1, no. 1 (Jan. 13, 1950)-</subfield></datafield><datafield ind1="1" ind2=" " tag="362"><subfield code="a">Ceased after June 1959.</subfield></datafield><datafield ind1=" " ind2=" " tag="515"><subfield code="a">Has numbering irregularities.</subfield></datafield><datafield ind1=" " ind2=" " tag="752"><subfield code="a">United States</subfield><subfield code="b">Indiana</subfield><subfield code="c">Madison</subfield><subfield code="d">Frankton.</subfield></datafield></record>